@misc{excel2latex,
	author       = "Excel2Latex",
	title        = "Plugin para hacer tablas con Excel",
	url          = "https://www.ctan.org/tex-archive/support/excel2latex/",
	year         = "2017"
}

@misc{template,
	author       = "Pizarro, Pablo",
	title        = "Template Informe en \LaTeX",
	url          = "https://latex.ppizarror.com/informe",
	year         = "2016-2024"
}

@misc{overleaf,
	author       = "Overleaf",
	title        = "Uno de los mejores editores online para \LaTeX, renovado con su versión 2.0",
	url          = "https://es.overleaf.com/",
	year         = "2024",
	month        = "Agosto"
}

@misc{tablesgenerator,
	author       = "Tables Generator",
	title        = "Creador de tablas online para \LaTeX",
	url          = "https://www.tablesgenerator.com",
	year         = "2024"
}

@misc{link1,
	author       = "Htkym",
	title        = "Maxwell's demon",
	url          = "http://creativecommons.org/licenses/by-sa/3.0/",
	year         = "2007"
}


@article{einstein,
	author       = "Albert Einstein",
	title        = "{Zur Elektrodynamik bewegter K{\"o}rper}. ({German}) [{On} the electrodynamics of moving bodies]",
	journal      = "Annalen der Physik",
	volume       = "322",
	number       = "10",
	pages        = "891--921",
	year         = "1905",
	DOI          = "https://dx.doi.org/10.1002/andp.19053221004"
}

@book{breuer2002theory,
  title={The theory of open quantum systems},
  author={Breuer, Heinz-Peter and Petruccione, Francesco},
  year={2002},
  publisher={Oxford University Press, USA}
}

@article{esposito2009nonequilibrium,
  title={Nonequilibrium fluctuations, fluctuation theorems, and counting statistics in quantum systems},
  author={Esposito, Massimiliano and Harbola, Upendra and Mukamel, Shaul},
  journal={Reviews of modern physics},
  volume={81},
  number={4},
  pages={1665--1702},
  year={2009},
  publisher={APS}
}

@article{zwanzig1966statistical,
  title={Statistical mechanics of irreversibility},
  author={Zwanzig, Robert W},
  journal={Quantum Statistical Mechanics},
  pages={139},
  year={1966}
}

@article{manzano2020short,
  title={A short introduction to the Lindblad master equation},
  author={Manzano, Daniel},
  journal={Aip advances},
  volume={10},
  number={2},
  year={2020},
  publisher={AIP Publishing}
}

@article{folland1997uncertainty,
  title={The uncertainty principle: a mathematical survey},
  author={Folland, Gerald B and Sitaram, Alladi},
  journal={Journal of Fourier analysis and applications},
  volume={3},
  pages={207--238},
  year={1997},
  publisher={Springer}
}

@article{chruscinski2017brief,
  title={A brief history of the GKLS equation},
  author={Chru{\'s}ci{\'n}ski, Dariusz and Pascazio, Saverio},
  journal={Open Systems \& Information Dynamics},
  volume={24},
  number={03},
  pages={1740001},
  year={2017},
  publisher={World Scientific}
}

@article{geva2000second,
  title={On the second-order corrections to the quantum canonical equilibrium density matrix},
  author={Geva, Eitan and Rosenman, Efrat and Tannor, David},
  journal={The Journal of Chemical Physics},
  volume={113},
  number={4},
  pages={1380--1390},
  year={2000},
  publisher={AIP Publishing}
}

@article{esposito2010entropy,
  title={Entropy production as correlation between system and reservoir},
  author={Esposito, Massimiliano and Lindenberg, Katja and Van den Broeck, Christian},
  journal={New Journal of Physics},
  volume={12},
  number={1},
  pages={013013},
  year={2010},
  publisher={IOP Publishing}
}

@article{strasberg2019non,
  title={Non-Markovianity and negative entropy production rates},
  author={Strasberg, Philipp and Esposito, Massimiliano},
  journal={Physical Review E},
  volume={99},
  number={1},
  pages={012120},
  year={2019},
  publisher={APS}
}

@article{wichterich2007modeling,
  title={Modeling heat transport through completely positive maps},
  author={Wichterich, Hannu and Henrich, Markus J and Breuer, Heinz-Peter and Gemmer, Jochen and Michel, Mathias},
  journal={Physical Review E—Statistical, Nonlinear, and Soft Matter Physics},
  volume={76},
  number={3},
  pages={031115},
  year={2007},
  publisher={APS}
}

@article{spohn1978entropy,
  title={Entropy production for quantum dynamical semigroups},
  author={Spohn, Herbert},
  journal={Journal of Mathematical Physics},
  volume={19},
  number={5},
  pages={1227--1230},
  year={1978},
  publisher={AIP Publishing}
}

@article{spohn2007irreversible,
  title={Irreversible thermodynamics for quantum systems weakly coupled to thermal reservoirs},
  author={Spohn, Herbert and Lebowitz, Joel L},
  journal={Adv. Chem. Phys},
  volume={38},
  pages={109--142},
  year={2007}
}

@article{trushechkin2021unified,
  title={Unified Gorini-Kossakowski-Lindblad-Sudarshan quantum master equation beyond the secular approximation},
  author={Trushechkin, Anton},
  journal={Physical Review A},
  volume={103},
  number={6},
  pages={062226},
  year={2021},
  publisher={APS}
}

@article{ptaszynski2019thermodynamics,
  title={Thermodynamics of quantum information flows},
  author={Ptaszy{\'n}ski, Krzysztof and Esposito, Massimiliano},
  journal={Physical review letters},
  volume={122},
  number={15},
  pages={150603},
  year={2019},
  publisher={APS}
}


@book{Maxwell_1871, place="London, UK", 
                   title="Theory of Heat", 
                   author="Maxwell, James Clerk", 
                    year="1871"
} 

@article{Landauer_1961, 
        title={Irreversibility and heat generation in the computing process}, 
        volume={5}, 
        DOI={10.1147/rd.53.0183}, 
        number={3}, 
        journal={IBM Journal of Research and Development}, 
        author={Landauer, R.}, 
        year={1961}, 
        month={Jul},    
        pages={183–191}} 


@article{lan2012energy,
  title={The energy--speed--accuracy trade-off in sensory adaptation},
  author={Lan, Ganhui and Sartori, Pablo and Neumann, Silke and Sourjik, Victor and Tu, Yuhai},
  journal={Nature physics},
  volume={8},
  number={5},
  pages={422--428},
  year={2012},
  publisher={Nature Publishing Group UK London}
}

@article{szilard1964decrease,
  title={On the decrease of entropy in a thermodynamic system by the intervention of intelligent beings},
  author={Szilard, Leo},
  journal={Behavioral Science},
  volume={9},
  number={4},
  pages={301--310},
  year={1964},
  publisher={Wiley Online Library}
}

@article{maruyama2009colloquium,
  title={Colloquium: The physics of Maxwell’s demon and information},
  author={Maruyama, Koji and Nori, Franco and Vedral, Vlatko},
  journal={Reviews of Modern Physics},
  volume={81},
  number={1},
  pages={1--23},
  year={2009},
  publisher={APS}
}

@article{sagawa2008second,
  title={Second law of thermodynamics with discrete quantum feedback control},
  author={Sagawa, Takahiro and Ueda, Masahito},
  journal={Physical review letters},
  volume={100},
  number={8},
  pages={080403},
  year={2008},
  publisher={APS}
}

@book{van1992stochastic,
  title={Stochastic Processes in Physics and Chemistry},
  author={Van Kampen, NG},
  year={1992},
  publisher={North-Holland Publishing Co}
}

@article{van2015ensemble,
  title={Ensemble and trajectory thermodynamics: A brief introduction},
  author={Van den Broeck, Christian and Esposito, Massimiliano},
  journal={Physica A: Statistical Mechanics and its Applications},
  volume={418},
  pages={6--16},
  year={2015},
  publisher={Elsevier}
}

@article{horowitz2014thermodynamics,
  title={Thermodynamics with continuous information flow},
  author={Horowitz, Jordan M and Esposito, Massimiliano},
  journal={Physical Review X},
  volume={4},
  number={3},
  pages={031015},
  year={2014},
  publisher={APS}
}

@article{prech2023entanglement,
  title={Entanglement and thermokinetic uncertainty relations in coherent mesoscopic transport},
  author={Prech, Kacper and Johansson, Philip and Nyholm, Elias and Landi, Gabriel T and Verdozzi, Claudio and Samuelsson, Peter and Potts, Patrick P},
  journal={Physical Review Research},
  volume={5},
  number={2},
  pages={023155},
  year={2023},
  publisher={APS}
}

@article{hu2011pade,
  title={Pad{\'e} spectrum decompositions of quantum distribution functions and optimal hierarchical equations of motion construction for quantum open systems},
  author={Hu, Jie and Luo, Meng and Jiang, Feng and Xu, Rui-Xue and Yan, Yijing},
  journal={The Journal of chemical physics},
  volume={134},
  number={24},
  year={2011},
  publisher={AIP Publishing}
}

@article{schinabeck2019hierarchical,
  title={Hierarchical quantum master equation approaches to nonequilibrium charge transport through single-molecule junctions},
  author={Schinabeck, Christian},
  year={2019}
}

@article{strasberg2018fermionic,
  title={Fermionic reaction coordinates and their application to an autonomous Maxwell demon in the strong-coupling regime},
  author={Strasberg, Philipp and Schaller, Gernot and Schmidt, Thomas L and Esposito, Massimiliano},
  journal={Physical Review B},
  volume={97},
  number={20},
  pages={205405},
  year={2018},
  publisher={APS}
}


@book{riley2006mathematical,
  title={Mathematical methods for physics and engineering: a comprehensive guide},
  author={Riley, Kenneth Franklin and Hobson, Michael Paul and Bence, Stephen John},
  year={2006},
  publisher={Cambridge university press}
}


@article{wootters1998entanglement,
  title={Entanglement of formation of an arbitrary state of two qubits},
  author={Wootters, William K},
  journal={Physical Review Letters},
  volume={80},
  number={10},
  pages={2245},
  year={1998},
  publisher={APS}
}

@article{hill1997entanglement,
  title={Entanglement of a pair of quantum bits},
  author={Hill, Sam A and Wootters, William K},
  journal={Physical review letters},
  volume={78},
  number={26},
  pages={5022},
  year={1997},
  publisher={APS}
}


@article{wick1997intrinsic,
  title={The intrinsic parity of elementary particles},
  author={Wick, Gian Carlo and Wightman, Arthur Strong and Wigner, Eugene Paul},
  journal={Part I: Particles and Fields. Part II: Foundations of Quantum Mechanics},
  pages={102--106},
  year={1997},
  publisher={Springer}
}

@article{bartlett2007reference,
  title={Reference frames, superselection rules, and quantum information},
  author={Bartlett, Stephen D and Rudolph, Terry and Spekkens, Robert W},
  journal={Reviews of Modern Physics},
  volume={79},
  number={2},
  pages={555--609},
  year={2007},
  publisher={APS}
}

@incollection{van2013stochastic,
  title={Stochastic thermodynamics: A brief introduction},
  author={Van den Broeck, Christian},
  booktitle={Physics of Complex Colloids},
  pages={155--193},
  year={2013},
  publisher={IOS Press}
}

@article{landi2024current,
  title={Current fluctuations in open quantum systems: Bridging the gap between quantum continuous measurements and full counting statistics},
  author={Landi, Gabriel T and Kewming, Michael J and Mitchison, Mark T and Potts, Patrick P},
  journal={PRX Quantum},
  volume={5},
  number={2},
  pages={020201},
  year={2024},
  publisher={APS}
}

@article{friis2013fermionic,
  title={Fermionic-mode entanglement in quantum information},
  author={Friis, Nicolai and Lee, Antony R and Bruschi, David Edward},
  journal={Physical Review A—Atomic, Molecular, and Optical Physics},
  volume={87},
  number={2},
  pages={022338},
  year={2013},
  publisher={APS}
}

@article{vidal2021quantum,
  title={Quantum operations in an information theory for fermions},
  author={Vidal, Nicetu Tibau and Bera, Mohit Lal and Riera, Arnau and Lewenstein, Maciej and Bera, Manabendra Nath},
  journal={Physical Review A},
  volume={104},
  number={3},
  pages={032411},
  year={2021},
  publisher={APS}
}

@article{potts2021thermodynamically,
  title={A thermodynamically consistent Markovian master equation beyond the secular approximation},
  author={Potts, Patrick P and Kalaee, Alex Arash Sand and Wacker, Andreas},
  journal={New Journal of Physics},
  volume={23},
  number={12},
  pages={123013},
  year={2021},
  publisher={IOP Publishing}
}

@article{bennett1982thermodynamics,
  title={The thermodynamics of computation—a review},
  author={Bennett, Charles H},
  journal={International Journal of Theoretical Physics},
  volume={21},
  number={12},
  pages={905--940},
  year={1982},
  publisher={Springer}
}

@article{brillouin1951maxwell,
  title={Maxwell's demon cannot operate: Information and entropy. I},
  author={Brillouin, Leon},
  journal={Journal of Applied Physics},
  volume={22},
  number={3},
  pages={334--337},
  year={1951}
}


@article{douarche2005experimental,
  title={An experimental test of the Jarzynski equality in a mechanical experiment},
  author={Douarche, Fr{\'e}d{\'e}ric and Ciliberto, Sergio and Petrosyan, Artyom and Rabbiosi, Ivan},
  journal={Europhysics Letters},
  volume={70},
  number={5},
  pages={593},
  year={2005},
  publisher={IOP Publishing}
}


@article{jarzynski1997nonequilibrium,
  title={Nonequilibrium equality for free energy differences},
  author={Jarzynski, Christopher},
  journal={Physical Review Letters},
  volume={78},
  number={14},
  pages={2690},
  year={1997},
  publisher={APS}
}


@article{wang2005experimental,
  title={Experimental study of the fluctuation theorem in a nonequilibrium steady state},
  author={Wang, GM and Reid, James C and Carberry, DM and Williams, DRM and Sevick, Edith M and Evans, Denis J},
  journal={Physical Review E—Statistical, Nonlinear, and Soft Matter Physics},
  volume={71},
  number={4},
  pages={046142},
  year={2005},
  publisher={APS}
}

@article{cao2009thermodynamics,
  title={Thermodynamics of feedback controlled systems},
  author={Cao, Francisco J and Feito, M},
  journal={Physical Review E—Statistical, Nonlinear, and Soft Matter Physics},
  volume={79},
  number={4},
  pages={041118},
  year={2009},
  publisher={APS}
}


@article{sagawa2010generalized,
  title={Generalized Jarzynski equality under nonequilibrium feedback control},
  author={Sagawa, Takahiro and Ueda, Masahito},
  journal={Physical review letters},
  volume={104},
  number={9},
  pages={090602},
  year={2010},
  publisher={APS}
}

@article{ehrich2023energy,
  title={Energy and information flows in autonomous systems},
  author={Ehrich, Jannik and Sivak, David A},
  journal={Frontiers in Physics},
  volume={11},
  pages={1108357},
  year={2023},
  publisher={Frontiers Media SA}
}

@article{gorini1976completely,
  title={Completely positive dynamical semigroups of N-level systems},
  author={Gorini, Vittorio and Kossakowski, Andrzej and Sudarshan, Ennackal Chandy George},
  journal={Journal of Mathematical Physics},
  volume={17},
  number={5},
  pages={821--825},
  year={1976},
  publisher={American Institute of Physics}
}

@article{lindblad1976generators,
  title={On the generators of quantum dynamical semigroups},
  author={Lindblad, Goran},
  journal={Communications in mathematical physics},
  volume={48},
  number={2},
  pages={119--130},
  year={1976},
  publisher={Springer}
}

@article{levy2014local,
  title={The local approach to quantum transport may violate the second law of thermodynamics},
  author={Levy, Amikam and Kosloff, Ronnie},
  journal={Europhysics Letters},
  volume={107},
  number={2},
  pages={20004},
  year={2014},
  publisher={IOP Publishing}
}

@article{novotny2002investigation,
  title={Investigation of apparent violation of the second law of thermodynamics in quantum transport studies},
  author={Novotn{\`y}, Tom{\'a}{\v{s}}},
  journal={Europhysics Letters},
  volume={59},
  number={5},
  pages={648},
  year={2002},
  publisher={IOP Publishing}
}

@article{ptaszynski2023fermionic,
  title={Fermionic one-body entanglement as a thermodynamic resource},
  author={Ptaszy{\'n}ski, Krzysztof and Esposito, Massimiliano},
  journal={Physical Review Letters},
  volume={130},
  number={15},
  pages={150201},
  year={2023},
  publisher={APS}
}

@article{streltsov2017colloquium,
  title={Colloquium: Quantum coherence as a resource},
  author={Streltsov, Alexander and Adesso, Gerardo and Plenio, Martin B},
  journal={Reviews of Modern Physics},
  volume={89},
  number={4},
  pages={041003},
  year={2017},
  publisher={APS}
}